@book{Holland1975,
  added-at = {2009-06-26T15:25:19.000+0200},
  address = {Ann Arbor, MI},
  author = {Holland, John H.},
  biburl = {https://www.bibsonomy.org/bibtex/2c29f3ed4d5bbe62a26e61a0e786e176a/butz},
  description = {diverse cognitive systems bib},
  interhash = {5556ff81387180d09ef7583ae68dd32f},
  intrahash = {c29f3ed4d5bbe62a26e61a0e786e176a},
  keywords = {imported},
  note = {second edition, 1992},
  publisher = {University of Michigan Press},
  timestamp = {2009-06-26T15:25:35.000+0200},
  title = {Adaptation in Natural and Artificial Systems},
  year = 1975
}

@article{IOHprofiler,
  author    = {Carola Doerr and
               Hao Wang and
               Furong Ye and
               Sander van Rijn and
               Thomas B{\"{a}}ck},
  title     = {IOHprofiler: {A} Benchmarking and Profiling Tool for Iterative Optimization
               Heuristics},
  journal   = {CoRR},
  volume    = {abs/1810.05281},
  year      = {2018},
  url       = {http://arxiv.org/abs/1810.05281},
  archivePrefix = {arXiv},
  eprint    = {1810.05281},
  timestamp = {Tue, 30 Oct 2018 20:39:56 +0100},
  biburl    = {https://dblp.org/rec/bib/journals/corr/abs-1810-05281},
  bibsource = {dblp computer science bibliography, https://dblp.org}
}
